<?xml version="1.0" encoding="UTF-8"?><record xmlns="http://www.loc.gov/MARC21/slim" xmlns:cinclude="http://apache.org/cocoon/include/1.0" xmlns:zs="http://www.loc.gov/zing/srw/">
  <leader>00758cz  a2200169n  4500</leader>
  <controlfield tag="001">n 2008019880</controlfield>
  <controlfield tag="003">DLC</controlfield>
  <controlfield tag="005">20081029081851.0</controlfield>
  <controlfield tag="008">080319n| acannaabn          |b aaa      </controlfield>
  <datafield tag="010" ind1=" " ind2=" ">
    <subfield code="a">n 2008019880</subfield>
  </datafield>
  <datafield tag="035" ind1=" " ind2=" ">
    <subfield code="a">(OCoLC)oca07709260</subfield>
  </datafield>
  <datafield tag="040" ind1=" " ind2=" ">
    <subfield code="a">DLC</subfield>
    <subfield code="b">eng</subfield>
    <subfield code="c">DLC</subfield>
    <subfield code="d">OCoLC</subfield>
  </datafield>
  <datafield tag="100" ind1="1" ind2=" ">
    <subfield code="a">Mitinnāwī, Ibrāhīm ʻAbd al-Fattāḥ</subfield>
  </datafield>
  <datafield tag="400" ind1="1" ind2=" ">
    <subfield code="a">متناوي، ابراهيم عبد الفتاح</subfield>
  </datafield>
  <datafield tag="667" ind1=" " ind2=" ">
    <subfield code="a">Machine-derived non-Latin script reference project.</subfield>
  </datafield>
  <datafield tag="667" ind1=" " ind2=" ">
    <subfield code="a">Non-Latin script reference not evaluated.</subfield>
  </datafield>
  <datafield tag="670" ind1=" " ind2=" ">
    <subfield code="a">880-01 Mitinnāwī, Ibrāhīm ʻAbd al-Fattāḥ. Fatḥ Miṣr, 2002:</subfield>
    <subfield code="b">t.p. (Duktūr Ibrāhīm ʻAbd al-Fattāḥ al-Mitinnāwī, Ustādh al-tārīkh al-Islāmī wa-al-ḥaḍārah al-Islāmīyah-Jāmiʻat al-Azhar)</subfield>
  </datafield>
</record>